@book{arnold2000java,
  title={The Java programming language},
  author={Arnold, Ken and Gosling, James and Holmes, David and Holmes, David},
  volume={2},
  year={2000},
  publisher={Addison-wesley Reading}
}




@online{wikibook,
	title        = {Generating Bibliographies with biblatex and biber},
	organization = {Wikibooks},
	date         = {2016},
	urldate      = {2016-03-07},
	url          = {https://en.wikibooks.org/wiki/LaTeX/Generating_Bibliographies_with_biblatex_and_biber},
	keywords     = {untrusted},
}


@online{wikiNik,
author = {Niklas Kluge},
title = {Generating Bibliographies with biblatex and biber},
year = {2016},
url = {https://en.wikibooks.org/wiki/LaTeX/Generating_Bibliographies_with_biblatex_and_biber},
OPTsubtitle = {•},
OPTtitleaddon = {•},
OPTlanguage = {•},
OPTversion = {•},
OPTnote = {•},
OPTorganization = {•},
OPTdate = {2015-03-07},
OPTmonth = {•},
OPTaddendum = {•},
OPTpubstate = {•},
OPTurldate = {2016-03-07},
}
@online{kotlin-first,
author = {Google},
title = {Android’s Kotlin-first approach},
year = {2020},
url = {https://developer.android.com/kotlin/first},
OPTorganization = {•},
date = {2020-09-23},
urldate = {2020-10-10},
}
@online{smartphone-data,
author = {David Gillengerten},
title = {Samsung Galaxy A7 (2018) Daten},
year = {2018},
url = {https://www.inside-digital.de/handys/samsung-galaxy-a7-2018},
date = {2018-11-19},
urldate = {2020-10-13},
}
@online{cpu-data,
author = {Klaus Hinum},
title = {Samsung Exynos 7885 SoC - Benchmarks und Specs},
year = {2020},
url = {https://www.notebookcheck.com/Samsung-Exynos-7885-SoC-Benchmarks-und-Specs.285086.0.html},
date = {2020-05-19},
urldate = {2020-10-13},
}
@online{Kubernetes,
author = {Google},
title = {What is Kubernetes?},
year = {2020},
url = {https://kubernetes.io/docs/concepts/overview/what-is-kubernetes/},
date = {2020-08-05},
urldate = {2020-10-13},
}
@online{Docker,
author = {Docker, Inc},
title = {Docker overview},
year = {2020},
url = {https://docs.docker.com/get-started/overview/},
date = {2020-10-12},
urldate = {2020-10-13},
}
@online{batteryhistorian,
title = {Battery Historian},
year = {2017},
url = {https://github.com/google/battery-historian},
date = {2017-05-20},
urldate = {2020-10-13},
}
@online{batteryhistorianandroid,
author = {Google},
title = {Profile battery usage with Batterystats and Battery Historian},
year = {2020},
url = {https://developer.android.com/topic/performance/power/setup-battery-historian},
date = {2020-01-15},
urldate = {2020-10-13},
}
